<?xml version='1.0' encoding='utf-8'?>
<record xmlns="http://www.loc.gov/MARC21/slim" xmlns:xsi="http://www.w3.org/2001/XMLSchema-instance">
  <leader>^^^^^ngm^a2200385^a^4500</leader>
  <controlfield tag="001">003886866</controlfield>
  <controlfield tag="005">20040223000000.0</controlfield>
  <controlfield tag="007">vf^cbahou</controlfield>
  <controlfield tag="008">040223s2003^^^^miu053^e^^^^^^^^^^vleng^d</controlfield>
  <datafield tag="035" ind1=" " ind2=" ">
    <subfield code="a">(OCoLC)ocm54045807</subfield>
  </datafield>
  <datafield tag="040" ind1=" " ind2=" ">
    <subfield code="a">EYD</subfield>
    <subfield code="c">EYD</subfield>
    <subfield code="d">BEU</subfield>
  </datafield>
  <datafield tag="090" ind1=" " ind2=" ">
    <subfield code="a">LD3286.5</subfield>
    <subfield code="b">.C35 2003</subfield>
  </datafield>
  <datafield tag="245" ind1="0" ind2="0">
    <subfield code="a">Campus diversity, student voices</subfield>
    <subfield code="h">[videorecording] :</subfield>
    <subfield code="b">University of Michigan, September 2002-April 2003.</subfield>
  </datafield>
  <datafield tag="260" ind1=" " ind2=" ">
    <subfield code="a">[Ann Arbor, Mich.] :</subfield>
    <subfield code="b">University of Michigan,</subfield>
    <subfield code="c">c2003.</subfield>
  </datafield>
  <datafield tag="300" ind1=" " ind2=" ">
    <subfield code="a">1 videocassette (53 min.) :</subfield>
    <subfield code="b">sd., col. ;</subfield>
    <subfield code="c">1/2 in.</subfield>
  </datafield>
  <datafield tag="538" ind1=" " ind2=" ">
    <subfield code="a">VHS.</subfield>
  </datafield>
  <datafield tag="508" ind1=" " ind2=" ">
    <subfield code="a">Directed by Pat McCune ; produced by Pat McCune, Pat Murphy ; writen by Pat McCune with assistance from Scott Mahler.</subfield>
  </datafield>
  <datafield tag="500" ind1=" " ind2=" ">
    <subfield code="a">"A production of Dialogues on Diversity and BMC Media at the University of Michigan" -- container.</subfield>
  </datafield>
  <datafield tag="520" ind1=" " ind2=" ">
    <subfield code="a">This video "considers what diversity means for students at the University of Michigan. By examining the range of student experience at a public university that promotes the benefits of a diverse student population, this documentary provokes thoughtful and informed discussion of sensitive issues. We hear from both undergraduate and graduate students from a multiplicity of backgrounds who are enrolled in a wide spectrum of the University's programs. The students' opinions range from conservative to</subfield>
  </datafield>
  <datafield tag="520" ind1=" " ind2=" ">
    <subfield code="a">liberal and from uninterested to curious. The interviews were taped between September 2002 and April 2003, before the U.S. Supreme Court ruled in favor of the University's use of race as a factor in admissions" -- Container.</subfield>
  </datafield>
  <datafield tag="610" ind1="2" ind2="0">
    <subfield code="a">University of Michigan</subfield>
    <subfield code="x">Students.</subfield>
  </datafield>
  <datafield tag="650" ind1=" " ind2="0">
    <subfield code="a">College students</subfield>
    <subfield code="z">Michigan</subfield>
    <subfield code="z">Ann Arbor.</subfield>
  </datafield>
  <datafield tag="650" ind1=" " ind2="0">
    <subfield code="a">Multicultural education</subfield>
    <subfield code="z">Michigan</subfield>
    <subfield code="z">Ann Arbor.</subfield>
  </datafield>
  <datafield tag="650" ind1=" " ind2="0">
    <subfield code="a">Multiculturalism</subfield>
    <subfield code="z">Michigan</subfield>
    <subfield code="z">Ann Arbor.</subfield>
  </datafield>
  <datafield tag="650" ind1=" " ind2="0">
    <subfield code="a">Education</subfield>
    <subfield code="x">Social aspects</subfield>
    <subfield code="z">Michigan</subfield>
    <subfield code="z">Ann Arbor.</subfield>
  </datafield>
  <datafield tag="650" ind1=" " ind2="0">
    <subfield code="a">Affirmative action programs</subfield>
    <subfield code="z">Michigan</subfield>
    <subfield code="z">Ann Arbor.</subfield>
  </datafield>
  <datafield tag="650" ind1=" " ind2="0">
    <subfield code="a">Discriminiation in education</subfield>
    <subfield code="z">Michigan</subfield>
    <subfield code="z">Ann Arbor.</subfield>
  </datafield>
  <datafield tag="650" ind1=" " ind2="0">
    <subfield code="a">Reverse discrimination</subfield>
    <subfield code="z">Michigan.</subfield>
  </datafield>
  <datafield tag="700" ind1="1" ind2=" ">
    <subfield code="a">McCune, Pat.</subfield>
  </datafield>
  <datafield tag="710" ind1="2" ind2=" ">
    <subfield code="a">Dialogues on Diversity (University of Michigan)</subfield>
  </datafield>
  <datafield tag="710" ind1="2" ind2=" ">
    <subfield code="a">BMC Media Services</subfield>
  </datafield>
  <datafield tag="852" ind1="8" ind2=" ">
    <subfield code="a">MiU-H</subfield>
    <subfield code="b">BENT</subfield>
    <subfield code="h">0425 Bimu 2</subfield>
  </datafield>
  <datafield tag="998" ind1=" " ind2=" ">
    <subfield code="c">BAW</subfield>
  </datafield>
  <datafield tag="955" ind1=" " ind2=" ">
    <subfield code="b">BENT</subfield>
    <subfield code="p">B1657013</subfield>
  </datafield>
</record>
